<?xml version="1.0" encoding="UTF-8"?><collection xmlns="http://www.loc.gov/MARC21/slim"><record><leader>00521nam--2200133-i-4500</leader><controlfield tag="001">000004669</controlfield><controlfield tag="002">20161230</controlfield><controlfield tag="005">20170106173721</controlfield><controlfield tag="008">060222s1000------------r-----000-0-eng-d</controlfield><datafield ind1=" " ind2=" " tag="245"><subfield code="a">Hazai sz©♭nhamuk ur©Łntartalm©Łnak vizsg©Łlata. I - Az Ur©Łn K©œzvetlen Fluorometri©Łs Kimutat©Łsa ©♭s f©♭lkvantitat©Ưv meghat©Łroz©Łsa sz©♭nhamukban. II- Sz©♭nhamuk ur©Łntartalm©Łnak meghat©Łroz©Łsa</subfield></datafield><datafield ind1=" " ind2=" " tag="260"><subfield code="a">Budapest</subfield><subfield code="b">Magyar Tudom©Łnyos Akad©♭mia</subfield><subfield code="c">1956</subfield></datafield><datafield ind1=" " ind2=" " tag="300"><subfield code="a">7 p. (I), 5 p. (II)</subfield></datafield><datafield ind1=" " ind2=" " tag="852"><subfield code="a">6270</subfield></datafield><datafield ind1=" " ind2=" " tag="CAT"><subfield code="a">SYS</subfield><subfield code="c">20170106</subfield><subfield code="h">173721</subfield></datafield></record></collection>